<?xml version="1.0" encoding="UTF-8"?><record xmlns="http://www.loc.gov/MARC21/slim" xmlns:cinclude="http://apache.org/cocoon/include/1.0" xmlns:zs="http://www.loc.gov/zing/srw/">
  <leader>00499cz  a2200133n  4500</leader>
  <controlfield tag="001">n  84001378 </controlfield>
  <controlfield tag="003">DLC</controlfield>
  <controlfield tag="005">20081126075626.0</controlfield>
  <controlfield tag="008">840904n| acannaabn          |n ana      </controlfield>
  <datafield tag="010" ind1=" " ind2=" ">
    <subfield code="a">n  84001378 </subfield>
  </datafield>
  <datafield tag="035" ind1=" " ind2=" ">
    <subfield code="a">(OCoLC)oca01190431</subfield>
  </datafield>
  <datafield tag="040" ind1=" " ind2=" ">
    <subfield code="a">DGPO</subfield>
    <subfield code="b">eng</subfield>
    <subfield code="c">DLC</subfield>
    <subfield code="d">OCoLC</subfield>
  </datafield>
  <datafield tag="110" ind1="2" ind2=" ">
    <subfield code="a">U.S. Air Force Geophysics Laboratory.</subfield>
    <subfield code="b">Terrestrial Sciences Division</subfield>
  </datafield>
  <datafield tag="670" ind1=" " ind2=" ">
    <subfield code="a">Battis, J.C. Seismo-acoustic effects of sonic ... 1983:</subfield>
    <subfield code="b">t.p. (Terrestrial Sciences Division, Air Force Geophysics Laboratory, Hanscom AFB, Mass.)</subfield>
  </datafield>
</record>